@book{darktome,
    author    = "Someone",
    title     = "The Dark Tome",
    year      = "1000",
    publisher = "The publisher",
    address   = "www.example.com"
}
